<record><leader>00000cas a22000007a 4500</leader><controlfield tag="001">31299048</controlfield><controlfield tag="008">941017d19301932ncuwr ne      0    0eng d</controlfield><datafield ind1=" " ind2=" " tag="010"><subfield code="a">sn 94058266 </subfield></datafield><datafield ind1=" " ind2=" " tag="040"><subfield code="a">NVJ</subfield><subfield code="b">eng</subfield><subfield code="c">NVJ</subfield><subfield code="d">TGN</subfield><subfield code="d">OCLCQ</subfield><subfield code="d">OCLCF</subfield><subfield code="d">OCLCO</subfield></datafield><datafield ind1="1" ind2=" " tag="029"><subfield code="a">AU@</subfield><subfield code="b">000011305796</subfield></datafield><datafield ind1=" " ind2=" " tag="042"><subfield code="a">msc</subfield></datafield><datafield ind1=" " ind2=" " tag="043"><subfield code="a">n-us-nc</subfield></datafield><datafield ind1="0" ind2="4" tag="245"><subfield code="a">The Highlands Maconian.</subfield></datafield><datafield ind1=" " ind2=" " tag="260"><subfield code="a">Highlands, N.C. :</subfield><subfield code="b">Highlands Print. Co.</subfield></datafield><datafield ind1=" " ind2=" " tag="300"><subfield code="a">v.</subfield></datafield><datafield ind1=" " ind2=" " tag="310"><subfield code="a">Weekly</subfield></datafield><datafield ind1="0" ind2=" " tag="362"><subfield code="a">Vol. 1, no. 1 (Sept. 3, 1930)-v. 2, no. 35 (Apr. 27, 1932).</subfield></datafield><datafield ind1=" " ind2="0" tag="651"><subfield code="a">Highlands (N.C.)</subfield><subfield code="v">Newspapers.</subfield></datafield><datafield ind1=" " ind2="0" tag="651"><subfield code="a">Macon County (N.C.)</subfield><subfield code="v">Newspapers.</subfield></datafield><datafield ind1=" " ind2="7" tag="655"><subfield code="a">Newspapers.</subfield><subfield code="2">fast</subfield><subfield code="0">(OCoLC)fst01423814</subfield></datafield><datafield ind1=" " ind2="7" tag="651"><subfield code="a">North Carolina</subfield><subfield code="z">Highlands.</subfield><subfield code="2">fast</subfield><subfield code="0">(OCoLC)fst01222262</subfield></datafield><datafield ind1=" " ind2="7" tag="651"><subfield code="a">North Carolina</subfield><subfield code="z">Macon County.</subfield><subfield code="2">fast</subfield><subfield code="0">(OCoLC)fst01218106</subfield></datafield><datafield ind1=" " ind2=" " tag="752"><subfield code="a">United States</subfield><subfield code="b">North Carolina</subfield><subfield code="c">Macon</subfield><subfield code="d">Highlands.</subfield></datafield><datafield ind1="0" ind2="7" tag="785"><subfield code="t">Franklin press (Franklin, N.C. : 1888)</subfield><subfield code="w">(DLC)sn 92074069</subfield></datafield><datafield ind1="0" ind2="7" tag="785"><subfield code="t">Franklin press and the Highlands Maconian</subfield><subfield code="w">(DLC)sn 92073966</subfield></datafield></record>